@article{semanticwebfield,
  title={A review of the semantic web field},
  author={Hitzler, Pascal},
  journal={Communications of the ACM},
  volume={64},
  number={2},
  pages={76--83},
  year={2021},
  publisher={ACM New York, NY, USA}
}

@Article{cloverquiz,
  title={Clover Quiz: a trivia game powered by DBpedia},
  author={Vega-Gorgojo, Guillermo},
  journal={Semantic Web},
  number={Preprint},
  pages={1--15},
  year={2018},
  publisher={IOS Press}
}

@article{cytoscapejs,
  title={Cytoscape.js: {A} graph theory library for visualisation and analysis},
  author={Franz, Max and Lopes, Christian T and Huck, Gerardo and Dong, Yue and Sumer, Onur and Bader, Gary D},
  journal={Bioinformatics},
  volume={32},
  number={2},
  pages={309--311},
  year={2015},
  publisher={Oxford University Press}
}

@InProceedings{limes,
  Title                    = {{LIMES}---{A} Time-Efficient Approach for Large-Scale Link Discovery on the Web of Data},
  Author                   = {Axel-Cyrille {Ngonga Ngomo} and S{\"o}ren Auer},
  booktitle={IJCAI--11, Proceedings of the 24th International Joint Conference on Artificial Intelligence},
  publisher= {AAAI Press},
  address={Palo Alto, California, USA},
  Year                     = {2011},
  Keywords                 = {group_aksw SIMBA sys:relevantFor:infai sys:relevantFor:bis ngonga limes scms},
  Owner                    = {ngonga},
  Timestamp                = {2009.12.17}
}

@InProceedings{ontowiki,
  Title                    = {Onto{W}iki: {A} Tool for Social, Semantic Collaboration},
  Author                   = {S{\"o}ren Auer and Sebastian Dietzold and Jens Lehmann and Thomas Riechert},
  Booktitle                = {Proceedings of the Workshop on Social and Collaborative Construction of Structured Knowledge ({CKC} 2007) at the 16th International World Wide Web Conference ({WWW2007}) Banff, Canada, May 8, 2007},
  Year                     = {2007},
  Editor                   = {Natalya Fridman Noy and Harith Alani and Gerd Stumme and Peter Mika and York Sure and Denny Vrandecic},
  Publisher                = {CEUR-WS.org},
  Series                   = {CEUR Workshop Proceedings},
  Volume                   = {273},

  Bdsk-url-1               = {http://ceur-ws.org/Vol-273/paper_91.pdf},
  Bibdate                  = {2008-05-30},
  Bibsource                = {DBLP, http://dblp.uni-trier.de/db/conf/www/ckc2007.html#AuerDLR07},
  Biburl                   = {http://www.bibsonomy.org/bibtex/2e646431fba0e629258b74292ab8fcffd/jens},
  Description              = {publications Jens Lehmann},
  Keywords                 = {2007 group_aksw auer tramp lehmann riechert ontowiki sys:relevantFor:infai sys:relevantFor:bis seebiproject_OntoWiki},                                                               
 NOUrl                      = {http://ceur-ws.org/Vol-273/paper_91.pdf}
}

@article{paper_nlp,
author = {Dornauer, Verena and Jahn, Franziska and Höffner, Konrad and Winter, Alfred and Ammenwerth, Elske},
year = {2020},
month = {06},
pages = {95-98},
title = {Use of Natural Language Processing for Precise Retrieval of Key Elements of Health IT Evaluation Studies},
volume = {272},
journal = {Studies in health technology and informatics},
doi = {10.3233/SHTI200502}
}

@article{textsearching,
  title={A new approach to text searching},
  author={Baeza-Yates, Ricardo and Gonnet, Gaston H},
  journal={Communications of the ACM},
  volume={35},
  number={10},
  pages={74--82},
  year={1992},
  publisher={ACM New York, NY, USA}
}

@article{it4it,
  notitle={The {O}pen {G}roup {IT4IT}™ Reference Architecture},
  title={{IT4IT}™ Reference Architecture, Version 2.1},
  author={{The Open Group}},
  nojournal={The Open Group},
  nojournal={Berkshire, UK: The Open Group},
  journal={The Open Group},
  year={2017}
}
